<record><leader>00000cas a22000007a 4500</leader><controlfield tag="001">17278069</controlfield><controlfield tag="008">871222d19211923ohudn ne      0    0eng d</controlfield><datafield ind1=" " ind2=" " tag="010"><subfield code="a">sn 87076982 </subfield></datafield><datafield ind1=" " ind2=" " tag="040"><subfield code="a">ONP</subfield><subfield code="b">eng</subfield><subfield code="c">ONP</subfield><subfield code="d">OCLCQ</subfield></datafield><datafield ind1=" " ind2=" " tag="042"><subfield code="a">msc</subfield></datafield><datafield ind1="0" ind2="0" tag="245"><subfield code="a">Greenville daily news.</subfield></datafield><datafield ind1=" " ind2=" " tag="260"><subfield code="a">Greenville, Ohio :</subfield><subfield code="b">Martin B. Trainor,</subfield><subfield code="c">1921-1923.</subfield></datafield><datafield ind1=" " ind2=" " tag="310"><subfield code="a">Daily (except Sun.)</subfield></datafield><datafield ind1="0" ind2=" " tag="362"><subfield code="a">Vol. 1, no. 1 (May 31, 1921)-v. 2, no. 257 (Mar. 28, 1923).</subfield></datafield><datafield ind1=" " ind2=" " tag="752"><subfield code="a">United States</subfield><subfield code="b">Ohio</subfield><subfield code="c">Darke</subfield><subfield code="d">Greenville.</subfield></datafield><datafield ind1="0" ind2="7" tag="785"><subfield code="t">Greenville daily tribune (Greenville, Ohio : 1913)</subfield><subfield code="w">(DLC)sn 87076983</subfield></datafield><datafield ind1="0" ind2="7" tag="785"><subfield code="t">Daily news-tribune</subfield><subfield code="w">(DLC)sn 87076984</subfield></datafield></record>